@Book{ Kor88,
       author = "T.W. Korner",
       title = "Fourier Analysis",
       publisher = "Cambridge University Press",
       year = "1988" ,
       address = "The Edinburgh Building, Cambridge",
       ISBN = "978-0-521-38991-4"}